
@book{abadi_theory_1996,
	edition = {Corrected},
	title = {A Theory of Objects},
	isbn = {0387947752},
	publisher = {Springer},
	author = {Abadi, Martin and Cardelli, Luca},
	month = aug,
	year = {1996}
}